<?xml version="1.0" encoding="utf-8"?>
<record xmlns="http://www.loc.gov/MARC21/slim" xmlns:xsi="http://www.w3.org/2001/XMLSchema-instance" xsi:schemaLocation="http://www.loc.gov/MARC21/slim http://www.loc.gov/standards/marcxml/schema/MARC21slim.xsd">
	<leader>     nam a22     Mi 4500</leader>
	<controlfield tag="001">3238996</controlfield>
	<controlfield tag="003">NNC</controlfield>
	<controlfield tag="006">m        d        </controlfield>
	<controlfield tag="007">cr cn |||m|||a</controlfield>
	<controlfield tag="008">180920s1894    le      o     000 0 ara d</controlfield>
	<datafield ind1=" " ind2=" " tag="040">
		<subfield code="a">ZYU</subfield>
		<subfield code="b">ara</subfield>
		<subfield code="e">rda</subfield>
		<subfield code="c">ZYU</subfield>
	</datafield>
	<datafield ind1="0" ind2="0" tag="050">
		<subfield code="a">PJ6172</subfield>
		<subfield code="b">.A2 1894</subfield>
	</datafield>
	<datafield ind1="1" ind2=" " tag="100">
		<subfield code="6">880-01</subfield>
		<subfield code="a">Abū Zayd al-Anṣārī, Saʻīd ibn Aws,</subfield>
		<subfield code="d">-approximately 830.</subfield>
	</datafield>
	<datafield ind1="1" ind2="0" tag="240">
		<subfield code="6">880-02</subfield>
		<subfield code="a">Nawādir fī al-lughah</subfield>
	</datafield>
	<datafield ind1="1" ind2="0" tag="245">
		<subfield code="6">880-03</subfield>
		<subfield code="a">Kitāb al-nawādir fī al-lughah /</subfield>
		<subfield code="c">li-Abī Zayd Saʻīd ibn Aws ibn Thābit al-Anṣārī. Maʻa taʻālīq ʻalayh li-muṣaḥḥiḥihi Saʻīd al-Khūrī al-Shartūni al-Lubnānī.</subfield>
	</datafield>
	<datafield ind1=" " ind2=" " tag="260">
		<subfield code="6">880-04</subfield>
		<subfield code="a">Beirut :</subfield>
		<subfield code="b">al-Maṭbaʻah al-kāthūlīkīyah li-al-ābāʼ al-mursalīn al-yasūʻīyīn,</subfield>
		<subfield code="c">1894.</subfield>
	</datafield>
	<datafield ind1=" " ind2=" " tag="300">
		<subfield code="a">online resource (7, 302 pages)</subfield>
	</datafield>
	<datafield ind1=" " ind2=" " tag="336">
		<subfield code="a">text</subfield>
		<subfield code="2">rdacontent</subfield>
	</datafield>
	<datafield ind1=" " ind2=" " tag="337">
		<subfield code="a">computer</subfield>
		<subfield code="2">rdamedia</subfield>
	</datafield>
	<datafield ind1=" " ind2=" " tag="338">
		<subfield code="a">online resource</subfield>
		<subfield code="2">rdacarrier</subfield>
	</datafield>
	<datafield ind1=" " ind2=" " tag="500">
		<subfield code="a">LC copy has ink stamps of South Manchurian Railway Company, Far East Economic Office, on t.p. and p. 2 (first group).</subfield>
		<subfield code="5">DLC</subfield>
	</datafield>
	<datafield ind1=" " ind2=" " tag="500">
		<subfield code="a">Part of the Arabic Collections Online (ACO) project, contributed by Columbia University Libraries.</subfield>
	</datafield>
	<datafield ind1=" " ind2=" " tag="533">
		<subfield code="a">Electronic reproduction.</subfield>
		<subfield code="b">New York, N.Y. :</subfield>
		<subfield code="c">New York University,</subfield>
		<subfield code="d">2018.</subfield>
		<subfield code="5">NNU</subfield>
	</datafield>
	<datafield ind1=" " ind2="0" tag="650">
		<subfield code="a">Arabic language</subfield>
		<subfield code="x">Lexicography.</subfield>
	</datafield>
	<datafield ind1=" " ind2="0" tag="650">
		<subfield code="a">Arabic poetry</subfield>
		<subfield code="y">To 622.</subfield>
	</datafield>
	<datafield ind1=" " ind2="7" tag="650">
		<subfield code="a">Arabic language</subfield>
		<subfield code="x">Lexicography.</subfield>
		<subfield code="2">fast</subfield>
		<subfield code="0">(OCoLC)fst00812371</subfield>
	</datafield>
	<datafield ind1=" " ind2="7" tag="650">
		<subfield code="a">Arabic poetry.</subfield>
		<subfield code="2">fast</subfield>
		<subfield code="0">(OCoLC)fst00812533</subfield>
	</datafield>
	<datafield ind1=" " ind2="7" tag="648">
		<subfield code="a">To 622</subfield>
		<subfield code="2">fast</subfield>
	</datafield>
	<datafield ind1="1" ind2=" " tag="700">
		<subfield code="6">880-05</subfield>
		<subfield code="a">Shartūnī, Saʻīd al-Khūrī,</subfield>
		<subfield code="d">1849-1912.</subfield>
	</datafield>
	<datafield ind1="2" ind2=" " tag="710">
		<subfield code="a">Minami Manshū Tetsudō Kabushiki Kaisha.</subfield>
		<subfield code="b">Tōa Keizai Chōsakyoku,</subfield>
		<subfield code="e">former owner.</subfield>
		<subfield code="5">DLC</subfield>
	</datafield>
	<datafield ind1="2" ind2=" " tag="710">
		<subfield code="a">Columbia University.</subfield>
		<subfield code="b">Libraries.</subfield>
	</datafield>
	<datafield ind1="0" ind2=" " tag="730">
		<subfield code="a">Arabic Collections Online.</subfield>
	</datafield>
	<datafield ind1="0" ind2="8" tag="776">
		<subfield code="i">Online version:</subfield>
		<subfield code="a">Abū Zayd al-Anṣārī, Saʻīd ibn Aws, -approximately 830.</subfield>
		<subfield code="s">Nawādir fī al-lughah.</subfield>
		<subfield code="t">Kitāb al-nawādir fī al-lughah.</subfield>
		<subfield code="d">Beirut : al-Maṭbaʻah al-kāthūlīkīyah li-al-ābāʼ al-mursalīn al-yasūʻīyīn, 1894</subfield>
		<subfield code="w">(OCoLC)908418633</subfield>
	</datafield>
	<datafield ind1="0" ind2="8" tag="776">
		<subfield code="i">Print version:</subfield>
		<subfield code="a">Abū Zayd al-Anṣārī, Saʻīd ibn Aws, -approximately 830.</subfield>
		<subfield code="t">Kitāb al-nawādir fī al-lughah</subfield>
		<subfield code="w">(NNC)3238996</subfield>
		<subfield code="w">(DLC)   60020898 </subfield>
		<subfield code="w">(OCoLC)31907224</subfield>
	</datafield>
	<datafield ind1="4" ind2="0" tag="856">
		<subfield code="u">http://hdl.handle.net/2333.1/q2bvqgg7</subfield>
	</datafield>
	<datafield ind1="1" ind2=" " tag="880">
		<subfield code="6">100-01</subfield>
		<subfield code="a">أبو زيد الأنصاري، سعيد بن أوس.</subfield>
	</datafield>
	<datafield ind1="1" ind2="0" tag="880">
		<subfield code="6">240-02</subfield>
		<subfield code="a">نوادر في اللغة</subfield>
	</datafield>
	<datafield ind1="1" ind2="0" tag="880">
		<subfield code="6">245-03</subfield>
		<subfield code="a">كتاب النوادر في اللغة /</subfield>
		<subfield code="c">لأبي زيد سعيد بن أوس بن ثابت الأنصاري ؛ مع تعليق عليه لمصححه سعيد الخوري الشرتوني اللبناني.</subfield>
	</datafield>
	<datafield ind1=" " ind2=" " tag="880">
		<subfield code="6">260-04</subfield>
		<subfield code="a">بيروت :</subfield>
		<subfield code="b">المطبعة الكاثوليكية للآباء المرسلين اليسوعيين،</subfield>
		<subfield code="c">1894.</subfield>
	</datafield>
	<datafield ind1=" " ind2="1" tag="880">
		<subfield code="6">264-00</subfield>
		<subfield code="a">بيروت :</subfield>
		<subfield code="b">المطبعة الكاثوليكية للآباء المرسلين اليسوعيين،</subfield>
		<subfield code="c">1894.</subfield>
	</datafield>
	<datafield ind1="1" ind2=" " tag="880">
		<subfield code="6">700-05</subfield>
		<subfield code="a">شرتوني، سعيد الخوري.</subfield>
	</datafield>
	<datafield ind1=" " ind2=" " tag="959">
		<subfield code="a">NNU</subfield>
		<subfield code="b">WEB</subfield>
		<subfield code="c">GENI</subfield>
		<subfield code="t">0</subfield>
		<subfield code="m">Electronic access</subfield>
		<subfield code="s">01</subfield>
	</datafield>
	<datafield ind1=" " ind2=" " tag="999">
		<subfield code="i">NNC_3238996</subfield>
		<subfield code="o">(OCoLC)ocm31907224 </subfield>
		<subfield code="s">columbia_aco003411</subfield>
		<subfield code="e">(ERROR-880)</subfield>
	</datafield>
</record>
